@techreport{avr32,
  institution = {Atmel Corporation},
  author = {Atmel Corporation},
  title = {{AVR32} Architecture Document ({32000D–04/2011})},
  year = {2011}
}

@techreport{intc,
  institution = {Atmel Corporation},
  author = {Atmel Corporation},
  title = {{AVR32101}: Configuring the {AVR32} Interrupt Controller
            ({32010A-AVR-04/06})},
  year = {2006}
}

@techreport{ap7000,
  institution = {Atmel Corporation},
  author = {Atmel Corporation},
  title = {{AT32AP7000}, Preliminary document ({32003M-AVR32-09/09})},
  year = {2009}
}

@misc{compendium,
  institution = {Norwegian University of Science and Technology},
  author = {Computer Architecture and Design Group},
  title = {Lab Assignments in {TDT4258} Energy Efficient Computer
    Systems},
  year = {2013}
}

@book{cleancode,
  author = {Martin, Robert C.},
  title = {Clean Code: A Handbook of Agile Software Craftsmanship},
  year = {2008},
  isbn = {0132350882, 9780132350884},
  edition = {1},
  publisher = {Prentice Hall PTR},
  address = {Upper Saddle River, NJ, USA}
} 

@inproceedings{framac,
  author = "Julien Signoles",
  title = "Foncteurs impératifs et composés: la notion de projets dans
  {Frama-C}",
  booktitle = "JFLA'09",
  pages = {245-280},
  year = {2009}, 
}

@article{statecharts,
  author = {Harel, David},
  title = {Statecharts:  A visual formalism for complex systems},
  journal = {Sci. Comput. Program.},
  issue_date = {June 1, 1987},
  volume = {8},
  number = {3},
  month = jun,
  year = {1987},
  issn = {0167-6423},
  pages = {231--274},
  numpages = {44},
  url = {http://dx.doi.org/10.1016/0167-6423(87)90035-9},
  doi = {10.1016/0167-6423(87)90035-9},
  acmid = {34886},
  publisher = {Elsevier North-Holland, Inc.},
  address = {Amsterdam, The Netherlands, The Netherlands},
} 

@article{petrinets,
    booktitle = {Proceedings of the IEEE},
    citeulike-article-id = {784724},
    citeulike-linkout-0 = {http://dx.doi.org/10.1109/5.24143},
    citeulike-linkout-1 = {http://ieeexplore.ieee.org/xpls/abs\_all.jsp?arnumber=24143},
    day = {06},
    doi = {10.1109/5.24143},
    institution = {Dept. of Electr. Eng. \& Comput. Sci., Illinois Univ., Chicago, IL},
    issn = {0018-9219},
    journal = {Proceedings of the IEEE},
    keywords = {concurrency, petri-nets},
    month = apr,
    number = {4},
    pages = {541--580},
    posted-at = {2007-05-03 17:28:29},
    priority = {2},
    publisher = {IEEE},
    title = {Petri nets: Properties, analysis and applications},
    url = {http://dx.doi.org/10.1109/5.24143},
    volume = {77},
    year = {1989}
}

